@inproceedings{DBLP:conf/vldb/ChaudhuriN97,
  author    = {Surajit Chaudhuri and
               Vivek R. Narasayya},
  title     = {{An Efficient Cost-Driven Index Selection Tool for Microsoft
               SQL Server}},
  booktitle = {Proceedings of the 23rd International Conference on Very Large Data Bases (VLDB)},
  year      = {1997},
  pages     = {146-155},
  ee        = {http://www.vldb.org/conf/1997/P146.PDF},
  crossref  = {DBLP:conf/vldb/97},
  bibsource = {DBLP, http://dblp.uni-trier.de}
}

@inproceedings{DBLP:conf/sigmod/ChaudhuriN98,
  author    = {Surajit Chaudhuri and
               Vivek R. Narasayya},
  title     = {{AutoAdmin ``What-if'' Index Analysis Utility}},
  booktitle = {Proceedings of the ACM SIGMOD International Conference on Management of Data},
  year      = {1998},
  pages     = {367-378},
  ee        = {http://doi.acm.org/10.1145/276304.276337},
  crossref  = {DBLP:conf/sigmod/98, DBLP:conf/sigmod/98},
  bibsource = {DBLP, http://dblp.uni-trier.de}
}

@inproceedings{DBLP:conf/vldb/AgrawalCN00,
  author    = {Sanjay Agrawal and
               Surajit Chaudhuri and
               Vivek R. Narasayya},
  title     = {{Automated Selection of Materialized Views and Indexes in
               SQL Databases}},
  booktitle = {Proceedings of the 26th International Conference on Very Large Data Bases (VLDB)},
  year      = {2000},
  pages     = {496-505},
  ee        = {http://www.vldb.org/conf/2000/P496.pdf},
  crossref  = {DBLP:conf/vldb/2000},
  bibsource = {DBLP, http://dblp.uni-trier.de}
}

@inproceedings{DBLP:conf/sigmod/BrunoC05,
  author    = {Nicolas Bruno and
               Surajit Chaudhuri},
  title     = {{Automatic Physical Database Tuning: A Relaxation-based Approach}},
  booktitle = {Proceedings of the ACM SIGMOD International Conference on Management of Data},
  year      = {2005},
  pages     = {227-238},
  ee        = {http://doi.acm.org/10.1145/1066157.1066184},
  crossref  = {DBLP:conf/sigmod/2005},
  bibsource = {DBLP, http://dblp.uni-trier.de}
}

@inproceedings{DBLP:conf/sigmod/ChaudhuriN98a,
  author    = {Surajit Chaudhuri and
               Vivek R. Narasayya},
  title     = {{Microsoft Index Tuning Wizard for SQL Server 7.0}},
  booktitle = {Proceedings of the ACM SIGMOD International Conference on Management of Data},
  year      = {1998},
  pages     = {553-554},
  ee        = {http://doi.acm.org/10.1145/276304.276378},
  crossref  = {DBLP:conf/sigmod/98, DBLP:conf/sigmod/98},
  bibsource = {DBLP, http://dblp.uni-trier.de}
}

@inproceedings{DBLP:conf/vldb/AgrawalCKMNS04,
  author    = {Sanjay Agrawal and
               Surajit Chaudhuri and
               Lubor Koll{\'a}r and
               Arunprasad P. Marathe and
               Vivek R. Narasayya and
               Manoj Syamala},
  title     = {{Database Tuning Advisor for Microsoft SQL Server 2005}},
  booktitle = {Proceedings of the 30th International Conference on Very Large Data Bases (VLDB)},
  year      = {2004},
  pages     = {1110-1121}
}

@inproceedings{DBLP:conf/vldb/DagevilleDDYZZ04,
  author    = {Beno\^{\i}t Dageville and
               Dinesh Das and
               Karl Dias and
               Khaled Yagoub and
               Mohamed Za\"{\i}t and
               Mohamed Ziauddin},
  title     = {{Automatic SQL Tuning in Oracle 10g}},
  booktitle = {Proceedings of the 30th International Conference on Very Large Data Bases (VLDB)},
  year      = {2004},
  pages     = {1098-1109},
  ee        = {http://www.vldb.org/conf/2004/IND4P2.PDF},
  crossref  = {DBLP:conf/vldb/2004},
  bibsource = {DBLP, http://dblp.uni-trier.de}
}

@inproceedings{DBLP:conf/vldb/ZilioRLLSGF04,
  author    = {Daniel C. Zilio and
               Jun Rao and
               Sam Lightstone and
               Guy M. Lohman and
               Adam J. Storm and
               Christian Garcia-Arellano and
               Scott Fadden},
  title     = {{DB2 Design Advisor: Integrated Automatic Physical Database
               Design}},
  booktitle = {Proceedings of the 30th International Conference on Very Large Data Bases (VLDB)},
  year      = {2004},
  pages     = {1087-1097},
  ee        = {http://www.vldb.org/conf/2004/IND4P1.PDF},
  crossref  = {DBLP:conf/vldb/2004},
  bibsource = {DBLP, http://dblp.uni-trier.de}
}

@inproceedings{DBLP:conf/sigmod/SchnaitterAMP06,
  author    = {Karl Schnaitter and
               Serge Abiteboul and
               Tova Milo and
               Neoklis Polyzotis},
  title     = {{COLT: Continuous On-Line Tuning}},
  booktitle = {Proceedings of the ACM SIGMOD International Conference on Management of Data},
  year      = {2006},
  pages     = {793-795},
  ee        = {http://doi.acm.org/10.1145/1142473.1142592},
  crossref  = {DBLP:conf/sigmod/2006},
  bibsource = {DBLP, http://dblp.uni-trier.de}
}

@inproceedings{DBLP:conf/icde/BrunoC07,
  author    = {Nicolas Bruno and
               Surajit Chaudhuri},
  title     = {{An Online Approach to Physical Design Tuning}},
  booktitle = {Proceedings of the IEEE 23rd International Conference on Data Engineering (ICDE)},
  year      = {2007},
  pages     = {826-835}
}

@inproceedings{DBLP:conf/icde/LuhringSSS07,
  author    = {Martin L{\"u}hring and
               Kai-Uwe Sattler and
               Karsten Schmidt and
               Eike Schallehn},
  title     = {{Autonomous Management of Soft Indexes}},
  booktitle = {Proceedings of the 2nd International Workshop on Self-Managing Data Bases (SMDB)},
  year      = {2007},
  pages     = {450-458},
  ee        = {http://dx.doi.org/10.1109/ICDEW.2007.4401028},
  crossref  = {DBLP:conf/icde/2007w},
  bibsource = {DBLP, http://dblp.uni-trier.de}
}

@article{DBLP:journals/pvldb/GraefeHIKM12,
  author    = {Goetz Graefe and
               Felix Halim and
               Stratos Idreos and
               Harumi A. Kuno and
               Stefan Manegold},
  title     = {{Concurrency Control for Adaptive Indexing}},
  journal   = {Proceedings of the Very Large Data Bases Endowment (PVLDB)},
  volume    = {5},
  number    = {7},
  year      = {2012},
  pages     = {656-667},
  ee        = {http://vldb.org/pvldb/vol5/p656_goetzgraefe_vldb2012.pdf},
  bibsource = {DBLP, http://dblp.uni-trier.de}
}

@article{DBLP:journals/pvldb/HalimIKY12,
  author    = {Felix Halim and
               Stratos Idreos and
               Panagiotis Karras and
               Roland H. C. Yap},
  title     = {{Stochastic Database Cracking: Towards Robust Adaptive Indexing
               in Main-Memory Column-Stores}},
journal   = {Proceedings of the Very Large Data Bases Endowment (PVLDB)},
  volume    = {5},
  number    = {6},
  year      = {2012},
  pages     = {502-513},
  ee        = {http://vldb.org/pvldb/vol5/p502_felixhalim_vldb2012.pdf},
  bibsource = {DBLP, http://dblp.uni-trier.de}
}

@article{DBLP:journals/pvldb/IdreosMKG11,
  author    = {Stratos Idreos and
               Stefan Manegold and
               Harumi A. Kuno and
               Goetz Graefe},
  title     = {{Merging What's Cracked, Cracking What's Merged: Adaptive
               Indexing in Main-Memory Column-Stores}},
  journal   = {Proceedings of the Very Large Data Bases Endowment (PVLDB)},
  volume    = {4},
  number    = {9},
  year      = {2011},
  pages     = {585-597}
}

@inproceedings{DBLP:conf/tpctc/GraefeIKM10,
  author    = {Goetz Graefe and
               Stratos Idreos and
               Harumi A. Kuno and
               Stefan Manegold},
  title     = {{Benchmarking Adaptive Indexing}},
  booktitle = {Proceedings of the 2nd Technology Conference on Performance Evaluation and Benchmarking (TPCTC)},
  year      = {2010},
  pages     = {169-184},
  ee        = {http://dx.doi.org/10.1007/978-3-642-18206-8_13},
  crossref  = {DBLP:conf/tpctc/2010},
  bibsource = {DBLP, http://dblp.uni-trier.de}
}

@inproceedings{DBLP:conf/sigmod/IdreosKM09,
  author    = {Stratos Idreos and
               Martin L. Kersten and
               Stefan Manegold},
  title     = {{Self-Organizing Tuple Reconstruction in Column-Stores}},
  booktitle = {Proceedings of the ACM SIGMOD International Conference on Management of Data},
  year      = {2009},
  pages     = {297-308},
  ee        = {http://doi.acm.org/10.1145/1559845.1559878},
  crossref  = {DBLP:conf/sigmod/2009},
  bibsource = {DBLP, http://dblp.uni-trier.de}
}

@inproceedings{DBLP:conf/cidr/IdreosKM07,
  author    = {Stratos Idreos and
               Martin L. Kersten and
               Stefan Manegold},
  title     = {{Database Cracking}},
  booktitle = {Proceedings of the 3rd Biennial Conference on Innovative Data Systems Research (CIDR)},
  year      = {2007},
  pages     = {68-78},
  ee        = {http://www.cidrdb.org/cidr2007/papers/cidr07p07.pdf},
  crossref  = {DBLP:conf/cidr/2007},
  bibsource = {DBLP, http://dblp.uni-trier.de}
}

@inproceedings{DBLP:conf/sigmod/IdreosKM07,
  author    = {Stratos Idreos and
               Martin L. Kersten and
               Stefan Manegold},
  title     = {{Updating a Cracked Database}},
  booktitle = {Proceedings of the ACM SIGMOD International Conference on Management of Data},
  year      = {2007},
  pages     = {413-424},
  ee        = {http://doi.acm.org/10.1145/1247480.1247527},
  crossref  = {DBLP:conf/sigmod/2007},
  bibsource = {DBLP, http://dblp.uni-trier.de}
}

@inproceedings{DBLP:conf/edbt/GraefeK10,
  author    = {Goetz Graefe and
               Harumi A. Kuno},
  title     = {{Self-Selecting, Self-Tuning, Incrementally Optimized Indexes}},
  booktitle = {Proceedings of the 13th International Conference on Extending Database Technology (EDBT)},
  year      = {2010},
  pages     = {371-381},
  ee        = {http://doi.acm.org/10.1145/1739041.1739087},
  crossref  = {DBLP:conf/edbt/2010},
  bibsource = {DBLP, http://dblp.uni-trier.de}
}

@inproceedings{Copeland:1985:DSM:318898.318923,
 author = {Copeland, George P. and Khoshafian, Setrag N.},
 title = {{A Decomposition Storage Model}},
 booktitle = {Proceedings of the ACM SIGMOD International Conference on Management of Data},
 year = {1985},
 pages = {268--279}
} 

@misc{SkyServer,
 author = "",
 note = "Sloan Digital Sky Survey (SkyServer). http://cas.sdss.org/."
} 

@misc{tpch,
 author = "",
 note = "TPC Benchmark H. http://www.tpc.org/tpch/."
} 

@article{Hail,
  author     = {Stefan Richter and Jorge-Arnulfo Quiané-Ruiz and Stefan Schuh and Jens Dittrich},
  title    = {{Towards Zero-Overhead Static and Adaptive Indexing in Hadoop}},
  journal = {The Very Large Data Bases Journal (VLDB J.)},
volume    = {23},
  number    = {3},
pages     = {469-494},
  year      = {2013}
}

@article{Ozsu:1996:DPD:234313.234368,
 author = {M. Tamer \"{O}zsu and  Patrick Valduriez},
 title = {{Distributed and Parallel Database Systems}},
 journal = {ACM Computing Surveys},
 year = {1996},
 pages = {125-128}
} 

@article{DeWitt:1992:PDS:129888.129894,
 author = {David DeWitt and Jim Gray},
 title = {Parallel Database Dystems: The Future of High Performance Database Systems},
 journal = {Communications of the ACM},
 year = {1992},
 pages = {85-98}
} 

@inproceedings{DBLP:conf/cidr/HarizopoulosA03,
  author    = {Stavros Harizopoulos and Anastassia Ailamaki},
  title     = {{A Case for Staged Database Systems}},
  booktitle = {Proceedings of the Conference on Innovative Data Systems Research (CIDR)},
  year      = {2003},
}

@inproceedings{DBLP:conf/sigmod/HarizopoulosSA05,
  author    = {Stavros Harizopoulos and
               Vladislav Shkapenyuk and
               Anastassia Ailamaki},
  title     = {{QPipe: A Simultaneously Pipelined Relational Query Engine}},
  booktitle = {Proceedings of the ACM SIGMOD International Conference on Management of Data},
  year      = {2005},
  pages     = {383-394},
}

@inproceedings{nodb,
  author    = {Ioannis Alagiannis and
               Renata Borovica and
               Miguel Branco and
               Stratos Idreos and
               Anastasia Ailamaki},
  title     = {{NoDB: Efficient Query Execution on Raw Data Files}},
  booktitle = {Proceedings of the ACM SIGMOD International Conference on Management of Data},
  year      = {2012},
  pages     = {241-252}
}

@article{exploration,
  author    = {Martin L. Kersten and
               Stratos Idreos and
               Stefan Manegold and
               Erietta Liarou},
  title     = {{The Researcher's Guide to the Data Deluge: Querying a Scientific
               Database in Just a Few Seconds}},
  journal   = {Proceedings of the Very Large Data Bases Endowment (PVLDB)},
  volume    = {4},
  number    = {12},
  year      = {2011},
  pages     = {1474-1477}
}

@article{GuidedInteraction,
  author    = {Arnab Nandi and H. V.Jagadish},
  title     = {{Guided Interaction: Rethinking the Query-Result Paradigm}},
  journal   = {Proceedings of the Very Large Data Bases Endowment (PVLDB)},
  volume    = {4},
  number    = {12},
  year      = {2011},
  pages     = {1466-1469},
}


@inproceedings{UsableDatabases,
 author = {Jagadish, H. V. and Chapman, Adriane and Elkiss, Aaron and Jayapandian, Magesh and Li, Yunyao and Nandi, Arnab and Yu, Cong},
 title = {{Making Database Systems Usable}},
 booktitle = {Proceedings of the ACM SIGMOD International Conference on Management of Data},
 year = {2007},
 pages = {13-24}
 } 

@inproceedings{RequirementsSciDB,
author = {Michael Stonebraker and Jacek Becla and David J. DeWitt and Kian-Tat Lim and David Maier and Oliver Ratzesberger and Stanley B. Zdonik},
title     = {{Requirements for Science Data Bases and SciDB}},
booktitle = {Proceedings of the 4th Biennial Conference on Innovative Data Systems Research (CIDR)},
year      = {2009}
}
@article{MAD,
  author    = {Jeffrey Cohen and
               Brian Dolan and
               Mark Dunlap and
               Joseph M. Hellerstein and
               Caleb Welton},
  title     = {{MAD Skills: New Analysis Practices for Big Data}},
  journal   = {Proceedings of the Very Large Data Bases Endowment (PVLDB)},
  volume    = {2},
  number    = {2},
  year      = {2009},
  pages     = {1481-1492},
  ee        = {http://www.vldb.org/pvldb/2/vldb09-219.pdf},
  bibsource = {DBLP, http://dblp.uni-trier.de}
}
@inproceedings{shark,
  author    = {Cliff Engle and
               Antonio Lupher and
               Reynold Xin and
               Matei Zaharia and
               Michael J. Franklin and
               Scott Shenker and
               Ion Stoica},
  title     = {{Shark: Fast Data Analysis Using Coarse-Grained Distributed
               Memory}},
  booktitle = {Proceedings of the ACM SIGMOD International Conference on Management of Data},
  year      = {2012},
  pages     = {689-692}
}


@inproceedings{hyper,
  author    = {Alfons Kemper and
               Thomas Neumann},
  title     = {{HyPer: A Hybrid OLTP{\&}OLAP Main Memory Database System
               Based on Virtual Memory Snapshots}},
  booktitle = {Proceedings of the IEEE 27th International Conference on Data Engineering (ICDE)},
  year      = {2011},
  pages     = {195-206}
}

@inproceedings{swissbox,
  author    = {Gustavo Alonso and
               Donald Kossmann and
               Timothy Roscoe},
  title     = {{SWissBox: An Architecture for Data Processing Appliances}},
  booktitle = {Proceedings of the 5th Biennial Conference on Innovative Data Systems Research (CIDR)},
  year      = {2011},
  pages     = {32-37}
}

@article{shareddb,
  author    = {Georgios Giannikis and
               Gustavo Alonso and
               Donald Kossmann},
  title     = {{SharedDB: Killing One Thousand Queries With One Stone}},
  journal   = {Proceedings of the Very Large Data Bases Endowment (PVLDB)},
  volume    = {5},
  number    = {6},
  year      = {2012},
  pages     = {526-537}
}

@inproceedings{cod,
  author    = {Jana Giceva and
               Tudor-Ioan Salomie and
               Adrian Sch{\"u}pbach and
               Gustavo Alonso and
               Timothy Roscoe},
  title     = {{COD: Database / Operating System Co-Design}},
  booktitle = {Proceedings of the 6th Biennial Conference on Innovative Data Systems Research (CIDR)},
  year      = {2013},
}

@inproceedings{hinge,
  author    = {Udayan Khurana and
               Amol Deshpande},
  title     = {{HiNGE: Enabling Temporal Network Analytics at Scale}},
  booktitle = {Proceedings of the ACM SIGMOD International Conference on Management of Data},
  year      = {2013},
  pages     = {1089-1092}
}

@inproceedings{elastras,
  author    = {Sudipto Das and
               Divyakant Agrawal and
               Amr {El Abbadi}},
  title     = {{ElasTraS: An Elastic, Scalable, and Self-managing Transactional
               Database for the Cloud}},
  booktitle   = {ACM Trans. Database Syst.},
  year      = {2013},
  pages     = {5}
}

@inproceedings{dbseer,
  author    = {Barzan Mozafari and
               Carlo Curino and
               Samuel Madden},
  title     = {{DBSeer: Resource and Performance Prediction for Building
               a Next Generation Database Cloud}},
  booktitle = {Proceedings of the 6th Biennial Conference on Innovative Data Systems Research (CIDR)},
  year      = {2013}
}


@inproceedings{crowddb,
  author    = {Michael J. Franklin and
               Donald Kossmann and
               Tim Kraska and
               Sukriti Ramesh and
               Reynold Xin},
  title     = {{CrowdDB: Answering Queries with Crowdsourcing}},
  booktitle = {Proceedings of the ACM SIGMOD International Conference on Management of Data},
  year      = {2011},
  pages     = {61-72}
}

@inproceedings{datacuration,
  author    = {Michael Stonebraker and
               Daniel Bruckner and
               Ihab F. Ilyas and
               George Beskales and
               Mitch Cherniack and
               Stanley B. Zdonik and
               Alexander Pagan and
               Shan Xu},
  title     = {{Data Curation at Scale: The Data Tamer System}},
  booktitle = {Proceedings of the 6th Biennial Conference on Innovative Data Systems Research (CIDR)},
  year      = {2013},
}

@inproceedings{crowdq,
  author    = {Gianluca Demartini and
               Beth Trushkowsky and
               Tim Kraska and
               Michael J. Franklin},
  title     = {{CrowdQ: Crowdsourced Query Understanding}},
  booktitle = {Proceedings of the 6th Biennial Conference on Innovative Data Systems Research (CIDR)},
  year      = {2013},
}

@inproceedings{bitweaving,
  author    = {Yinan Li and
               Jignesh M. Patel},
  title     = {{BitWeaving: Fast Scans for Main Memory Data Processing}},
  booktitle = {Proceedings of the ACM SIGMOD International Conference on Management of Data},
  year      = {2013},
  pages     = {289-300}
}

@article{hstore,
  author    = {Robert Kallman and
               Hideaki Kimura and
               Jonathan Natkins and
               Andrew Pavlo and
               Alex Rasin and
               Stanley B. Zdonik and
               Evan P. C. Jones and
               Samuel Madden and
               Michael Stonebraker and
               Yang Zhang and
               John Hugg and
               Daniel J. Abadi},
  title     = {{H-store: A High-Performance, Distributed Main Memory Transaction
               Processing System}},
  journal   = {Proceedings of the Very Large Data Bases Endowment (PVLDB)},
  volume    = {1},
  number    = {2},
  year      = {2008},
  pages     = {1496-1499}
}


@inproceedings{energypartitioning,
  author    = {Lisa Wu and
               Raymond J. Barker and
               Martha A. Kim and
               Kenneth A. Ross},
  title     = {{Navigating Big Data with High-throughput, Energy-efficient
               Data Partitioning}},
  booktitle = {ISCA},
  year      = {2013},
  pages     = {249-260}
}

@inproceedings{earl,
  author    = {Nikolay Laptev and
               Kai Zeng and
               Carlo Zaniolo},
  title     = {{Very Fast Estimation for Result and Accuracy of Big Data
               Analytics: The EARL System}},
  booktitle = {Proceedings of the IEEE 29th International Conference on Data Engineering (ICDE)},
  year      = {2013},
  pages     = {1296-1299}
}

@article{hadoop+,
  author    = {Jens Dittrich and
               Jorge-Arnulfo Quian{\'e}-Ruiz and
               Alekh Jindal and
               Yagiz Kargin and
               Vinay Setty and
               J{\"o}rg Schad},
  title     = {{Hadoop++: Making a Yellow Elephant Run Like a Cheetah (Without
               It Even Noticing)}},
  journal   = {Proceedings of the Very Large Data Bases Endowment (PVLDB)},
 volume    = {3},
  number    = {1},
  year      = {2010},
  pages     = {518-529}
}

@article{hazy,
  author    = {Arun Kumar and
               Feng Niu and
               Christopher R{\'e}},
  title     = {{Hazy: Making it Easier to Build and Maintain Big-Data Analytics}},
  journal   = {Communications of the ACM},
  volume    = {56},
  number    = {3},
  year      = {2013},
  pages     = {40-49}
}

@inproceedings{BlinkDB,
  author    = {Sameer Agarwal and
               Barzan Mozafari and
               Aurojit Panda and
               Henry Milner and
               Samuel Madden and
               Ion Stoica},
  title     = {{BlinkDB: Queries with Bounded Errors and Bounded Response
               Times on Very Large Data}},
  booktitle = {EuroSys},
  year      = {2013},
  pages     = {29-42}
}

@MANUAL{MonetDB,
  title  = {MonetDB},
  note   = {\url{www.monetdb.org}},
  key    = {ZZZ},
}

@inproceedings{mc1,
  author    = {Nikos Hardavellas and
               Michael Ferdman and
               Babak Falsafi and
               Anastasia Ailamaki},
  title     = {{Near-Optimal Cache Block Placement with Reactive Nonuniform
               Cache Architectures}},
  booktitle   = {IEEE Micro},
  year      = {2010},
  pages     = {29}
}

@inproceedings{mc2,
  author    = {Ryan Johnson and
               Ippokratis Pandis and
               Nikos Hardavellas and
               Anastasia Ailamaki and
               Babak Falsafi},
  title     = {{Shore-MT: A Scalable Storage Manager for the Multicore Era}},
  booktitle = {Proceedings of the 12th International Conference on Extending Database Technology (EDBT)},
  year      = {2009},
  pages     = {24-35}
}

@inproceedings{parallel_sorting,
  author = {Ivan Zecena and Ziliang Zong and Rong Ge and Tongdan Jin and Zizhong Chen and Meikang Qiu},
  title = {{Energy Consumption Analysis of Parallel Sorting Algorithms Running on Multicore Systems}},
  booktitle ={2012 International Green Computing Conference (IGCC)},
  year = {2012},
  pages = {1-6}
}
@inproceedings {efficient_cracking,
	author = {Holger Pirk and Eleni Petraki and Stratos Idreos and Stefan Manegold and Martin L. Kersten},
	title = {{Database Cracking: Fancy Scan, not Poor Man{\textquoteright}s Sort!}},
	booktitle = {Proceedings of the 10th International Workshop on Data Management on New Hardware (DaMoN)},
	year = {2014}
}
@inproceedings{IndexingKeys,
author = {Goetz Graefe and Harumi Kuno},
title = {{Adaptive Indexing for Relational Keys}},
booktitle ={Workshops Proceedings of the IEEE 26th International Conference on Data Engineering (ICDE)},
year = {2010},
pages = {69-74}
}
@article{CrackRepeat,
  author    = {Felix Martin Schuhknecht and
               Alekh Jindal and
               Jens Dittrich},
  title     = {{The Uncracked Pieces in Database Cracking}},
  journal   = {Proceedings of the Very Large Data Bases Endowment (PVLDB)},
  year      = {2013},
  volume    = 7,
  number    = 2,
  pages     = {97--108}
}
@inproceedings{multicore_adaptive,
 author = {Alvarez, Victor and Schuhknecht, Felix Martin and Dittrich, Jens and Richter, Stefan},
 title = {{Main Memory Adaptive Indexing for Multi-core Systems}},
 booktitle = {Proceedings of the 10th International Workshop on Data Management on New Hardware (DaMoN)},
 year = {2014},
# pages = {3:1--3:10}
}
@article{hash_join_rev,
  author    = {Cagri Balkesen and
               Gustavo Alonso and
               Jens Teubner and
               M. Tamer {\"O}zsu},
  title     = {{Multi-Core, Main-Memory Joins: Sort vs. Hash Revisited}},
  journal   = {Proceedings of the Very Large Data Bases Endowment (PVLDB)},
  volume    = 7,
  number    = 1,
  pages     = {85-96},
  year      = {2013}
}

@article{DBLP:journals/debu/IdreosGNMMK12,
  author    = {Stratos Idreos and
               Fabian Groffen and
               Niels Nes and
               Stefan Manegold and
               K. Sjoerd Mullender and
               Martin L. Kersten},
  title     = {{MonetDB: Two Decades of Research in Column-oriented Database
               Architectures}},
  journal   = {IEEE Data Engineering Bulletin},
  volume    = {35},
  number    = {1},
  year      = {2012},
  pages     = {40-45}
} 

@article{DBLP:journals/ftdb/AbadiBHIM13,
  author    = {Daniel Abadi and
               Peter A. Boncz and
               Stavros Harizopoulos and
               Stratos Idreos and
               Samuel Madden},
  title     = {{The Design and Implementation of Modern Column-Oriented
               Database Systems}},
  journal   = {Foundations and Trends in Databases},
  volume    = {5},
  number    = {3},
  year      = {2013},
  pages     = {197-280},
}
@inproceedings{database_SIMD,
 author = {Zhou, Jingren and Ross, Kenneth A.},
 title = {{Implementing Database Operations Using SIMD Instructions}},
 booktitle = {Proceedings of the ACM SIGMOD International Conference on Management of Data},
 year = {2002},
 pages = {145--156}
} 
@article{hash_sort_SIMD,
  author    = {Changkyu Kim and
               Eric Sedlar and
               Jatin Chhugani and
               Tim Kaldewey and
               Anthony D. Nguyen and
               Andrea Di Blas and
               Victor W. Lee and
               Nadathur Satish and
               Pradeep Dubey},
  title     = {{Sort vs. Hash Revisited: Fast Join Implementation on Modern
               Multi-Core CPUs}},
  journal   = {Proceedings of the Very Large Data Bases Endowment (PVLDB)},
  year      = {2009},
  volume    = 2,
  number    = 2,
  pages     = {1378--1389}
}
@inproceedings{Polychroniou:2014:CSM:2588555.2610522,
 author = {Polychroniou, Orestis and Ross, Kenneth A.},
 title = {{A Comprehensive Study of Main-memory Partitioning and Its Application to Large-scale Comparison- and Radix-sort}},
 booktitle = {Proceedings of the ACM SIGMOD International Conference on Management of Data},
 year = {2014},
 pages = {755-766}
}
@misc{psort_site,
 author = "",
 note = "Sort-Merge Joins. http://www.systems.ethz.ch/projects/paralleljoins."
}
@misc{holindex,
 author = "",
 note = "Holistic Indexing. http://dev.monetdb.org/hg/MonetDB/branches."
}
@article{DBLP:journals/vldb/GraefeHIKMS14,
  author    = {Goetz Graefe and
               Felix Halim and
               Stratos Idreos and
               Harumi A. Kuno and
               Stefan Manegold and
               Bernhard Seeger},
  title     = {{Transactional Support for Adaptive Indexing}},
  journal   = {The Very Large Data Bases Journal (VLDB J.)},
  year      = {2014},
  volume    = {23},
  number    = {2},
  pages     = {303--328},
}   

@inproceedings{Alagiannis:2014:HHA:2588555.2610502,
 author = {Alagiannis, Ioannis and Idreos, Stratos and Ailamaki, Anastasia},
 title = {{H2O: A Hands-free Adaptive Store}},
 booktitle = {Proceedings of the ACM SIGMOD International Conference on Management of Data},
 year = {2014},
 pages = {1103--1114}
} 

@inproceedings{DBLP:conf/sigmod/ZoumpatianosIP14,
  author    = {Kostas Zoumpatianos and
               Stratos Idreos and
               Themis Palpanas},
  title     = {{Indexing for Interactive Exploration of Big Data Series}},
  booktitle = {Proceedings of the ACM SIGMOD International Conference on Management of Data},
  pages     = {1555--1566},
  year      = {2014}
}

@inproceedings{DBLP:conf/cidr/IdreosL13,
  author    = {Stratos Idreos and
               Erietta Liarou},
  title     = {{dbTouch: Analytics at your Fingertips}},
  booktitle = {Proceedings of the 6th Biennial Conference on Innovative Data Systems Research (CIDR)},
  year      = {2013}
}

@inproceedings{DBLP:conf/cidr/IdreosAJA11,
  author    = {Stratos Idreos and
               Ioannis Alagiannis and
               Ryan Johnson and
               Anastasia Ailamaki},
  title     = {{Here are my Data Files. Here are my Queries. Where are my Results?}},
  booktitle = {Proceedings of the 5th Biennial Conference on Innovative Data Systems Research (CIDR)},
  pages     = {57--68},
  year      = {2011}
}



@inproceedings{DBLP:conf/icde/LiarouI14,
  author    = {Erietta Liarou and
               Stratos Idreos},
  title     = {{dbTouch in Action Database Kernels for Touch-based Data Exploration}},
  booktitle = {Proceedings of the IEEE 30th International Conference on Data Engineering (ICDE)},
  pages     = {1262--1265},
  year      = {2014}
}

%-----------------------------------------------------
%            HOLGER
%-----------------------------------------------------


@inproceedings{DBLP:conf/vldb/ChaudhuriN97,
  author    = {Surajit Chaudhuri and
               Vivek R. Narasayya},
  title     = {{An Efficient Cost-Driven Index Selection Tool for Microsoft
               SQL Server}},
  booktitle = {VLDB},
  year      = {1997},
  ee        = {http://www.vldb.org/conf/1997/P146.PDF},
  crossref  = {DBLP:conf/vldb/97},
  bibsource = {DBLP, http://dblp.uni-trier.de}
}

@inproceedings{DBLP:conf/sigmod/ChaudhuriN98,
  author    = {Surajit Chaudhuri and
               Vivek R. Narasayya},
  title     = {{AutoAdmin ``What-if'' Index Analysis Utility}},
  booktitle = {SIGMOD},
  year      = {1998},
  ee        = {http://doi.acm.org/10.1145/276304.276337},
  crossref  = {DBLP:conf/sigmod/98, DBLP:conf/sigmod/98},
  bibsource = {DBLP, http://dblp.uni-trier.de}
}

@inproceedings{DBLP:conf/vldb/AgrawalCN00,
  author    = {Sanjay Agrawal and
               Surajit Chaudhuri and
               Vivek R. Narasayya},
  title     = {{Automated Selection of Materialized Views and Indexes in
               SQL Databases}},
  booktitle = {VLDB},
  year      = {2000},
  ee        = {http://www.vldb.org/conf/2000/P496.pdf},
  crossref  = {DBLP:conf/vldb/2000},
  bibsource = {DBLP, http://dblp.uni-trier.de}
}

@inproceedings{DBLP:conf/sigmod/BrunoC05,
  author    = {Nicolas Bruno and
               Surajit Chaudhuri},
  title     = {{Automatic Physical Database Tuning: A Relaxation-based Approach}},
  booktitle = {SIGMOD},
  year      = {2005},
  ee        = {http://doi.acm.org/10.1145/1066157.1066184},
  crossref  = {DBLP:conf/sigmod/2005},
  bibsource = {DBLP, http://dblp.uni-trier.de}
}

@inproceedings{DBLP:conf/sigmod/ChaudhuriN98a,
  author    = {Surajit Chaudhuri and
               Vivek R. Narasayya},
  title     = {{Microsoft Index Tuning Wizard for SQL Server 7.0}},
  booktitle = {SIGMOD},
  year      = {1998},
  ee        = {http://doi.acm.org/10.1145/276304.276378},
  crossref  = {DBLP:conf/sigmod/98, DBLP:conf/sigmod/98},
  bibsource = {DBLP, http://dblp.uni-trier.de}
}

@inproceedings{DBLP:conf/vldb/AgrawalCKMNS04,
  author    = {Sanjay Agrawal and
               Surajit Chaudhuri and
               Lubor Koll{\'a}r and
               Arunprasad P. Marathe and
               Vivek R. Narasayya and
               Manoj Syamala},
  title     = {{Database Tuning Advisor for Microsoft SQL Server 2005}},
  booktitle = {VLDB},
  year      = {2004},
  crossref  = {DBLP:conf/vldb/2004},
  bibsource = {DBLP, http://dblp.uni-trier.de}
}

@inproceedings{DBLP:conf/vldb/DagevilleDDYZZ04,
  author    = {Beno\^{\i}t Dageville and
               Dinesh Das and
               Karl Dias and
               Khaled Yagoub and
               Mohamed Za\"{\i}t and
               Mohamed Ziauddin},
  title     = {{Automatic SQL Tuning in Oracle 10g}},
  booktitle = {VLDB},
  year      = {2004},
  ee        = {http://www.vldb.org/conf/2004/IND4P2.PDF},
  crossref  = {DBLP:conf/vldb/2004},
  bibsource = {DBLP, http://dblp.uni-trier.de}
}

@inproceedings{DBLP:conf/vldb/ZilioRLLSGF04,
  author    = {Daniel C. Zilio and
               Jun Rao and
               Sam Lightstone and
               Guy M. Lohman and
               Adam J. Storm and
               Christian Garcia-Arellano and
               Scott Fadden},
  title     = {{DB2 Design Advisor: Integrated Automatic Physical Database
               Design}},
  booktitle = {VLDB},
  year      = {2004},
  ee        = {http://www.vldb.org/conf/2004/IND4P1.PDF},
  crossref  = {DBLP:conf/vldb/2004},
  bibsource = {DBLP, http://dblp.uni-trier.de}
}

@inproceedings{DBLP:conf/sigmod/SchnaitterAMP06,
  author    = {Karl Schnaitter and
               Serge Abiteboul and
               Tova Milo and
               Neoklis Polyzotis},
  title     = {{COLT: Continuous On-Line Tuning}},
  booktitle = {SIGMOD},
  year      = {2006},
  ee        = {http://doi.acm.org/10.1145/1142473.1142592},
  crossref  = {DBLP:conf/sigmod/2006},
  bibsource = {DBLP, http://dblp.uni-trier.de}
}

@inproceedings{DBLP:conf/icde/BrunoC07,
  author    = {Nicolas Bruno and
               Surajit Chaudhuri},
  title     = {{An Online Approach to Physical Design Tuning}},
  booktitle = {ICDE},
  year      = {2007},
  ee        = {http://doi.ieeecomputersociety.org/10.1109/ICDE.2007.367928},
  crossref  = {DBLP:conf/icde/2007},
  bibsource = {DBLP, http://dblp.uni-trier.de}
}

@inproceedings{DBLP:conf/icde/LuhringSSS07,
  author    = {Martin L{\"u}hring and
               Kai-Uwe Sattler and
               Karsten Schmidt and
               Eike Schallehn},
  title     = {{Autonomous Management of Soft Indexes}},
  booktitle = {SMDB},
  year      = {2007},
  ee        = {http://dx.doi.org/10.1109/ICDEW.2007.4401028},
  crossref  = {DBLP:conf/icde/2007w},
  bibsource = {DBLP, http://dblp.uni-trier.de}
}

@inproceedings{DBLP:journals/pvldb/GraefeHIKM12,
  author    = {Goetz Graefe and
               Felix Halim and
               Stratos Idreos and
               Harumi A. Kuno and
               Stefan Manegold},
  title     = {{Concurrency Control for Adaptive Indexing}},
  booktitle   = {PVLDB},
  year      = {2012},
  ee        = {http://vldb.org/pvldb/vol5/p656_goetzgraefe_vldb2012.pdf},
  bibsource = {DBLP, http://dblp.uni-trier.de}
}

@inproceedings{DBLP:journals/pvldb/HalimIKY12,
  author    = {Felix Halim and
               Stratos Idreos and
               Panagiotis Karras and
               Roland H. C. Yap},
  title     = {{Stochastic Database Cracking: Towards Robust Adaptive Indexing
               in Main-Memory Column-Stores}},
  booktitle   = {PVLDB},
  year      = {2012},
  ee        = {http://vldb.org/pvldb/vol5/p502_felixhalim_vldb2012.pdf},
  bibsource = {DBLP, http://dblp.uni-trier.de}
}

@inproceedings{DBLP:journals/pvldb/IdreosMKG11,
  author    = {Stratos Idreos and
               Stefan Manegold and
               Harumi A. Kuno and
               Goetz Graefe},
  title     = {{Merging What's Cracked, Cracking What's Merged: Adaptive
               Indexing in Main-Memory Column-Stores}},
  booktitle   = {PVLDB},
  year      = {2011},
}

@inproceedings{DBLP:conf/tpctc/GraefeIKM10,
  author    = {Goetz Graefe and
               Stratos Idreos and
               Harumi A. Kuno and
               Stefan Manegold},
  title     = {{Benchmarking Adaptive Indexing}},
  booktitle = {TPCTC},
  year      = {2010},
  ee        = {http://dx.doi.org/10.1007/978-3-642-18206-8_13},
  crossref  = {DBLP:conf/tpctc/2010},
  bibsource = {DBLP, http://dblp.uni-trier.de}
}

@inproceedings{DBLP:conf/sigmod/IdreosKM09,
  author    = {Stratos Idreos and
               Martin L. Kersten and
               Stefan Manegold},
  title     = {{Self-Organizing Tuple Reconstruction in Column-Stores}},
  booktitle = {SIGMOD},
  year      = {2009},
  ee        = {http://doi.acm.org/10.1145/1559845.1559878},
  crossref  = {DBLP:conf/sigmod/2009},
  bibsource = {DBLP, http://dblp.uni-trier.de}
}

@inproceedings{DBLP:conf/cidr/IdreosKM07,
  author    = {Stratos Idreos and
               Martin L. Kersten and
               Stefan Manegold},
  title     = {{Database Cracking}},
  booktitle = {CIDR},
  year      = {2007},
  ee        = {http://www.cidrdb.org/cidr2007/papers/cidr07p07.pdf},
  crossref  = {DBLP:conf/cidr/2007},
  bibsource = {DBLP, http://dblp.uni-trier.de}
}

@inproceedings{DBLP:conf/sigmod/IdreosKM07,
  author    = {Stratos Idreos and
               Martin L. Kersten and
               Stefan Manegold},
  title     = {{Updating a Cracked Database}},
  booktitle = {SIGMOD},
  year      = {2007},
  ee        = {http://doi.acm.org/10.1145/1247480.1247527},
  crossref  = {DBLP:conf/sigmod/2007},
  bibsource = {DBLP, http://dblp.uni-trier.de}
}

@inproceedings{DBLP:conf/edbt/GraefeK10,
  author    = {Goetz Graefe and
               Harumi A. Kuno},
  title     = {{Self-Selecting, Self-Tuning, Incrementally Optimized Indexes}},
  booktitle = {EDBT},
  year      = {2010},
  ee        = {http://doi.acm.org/10.1145/1739041.1739087},
  crossref  = {DBLP:conf/edbt/2010},
  bibsource = {DBLP, http://dblp.uni-trier.de}
}

@inproceedings{Copeland:1985:DSM:318898.318923,
 author = {Copeland, George P. and Khoshafian, Setrag N.},
 title = {{A Decomposition Storage Model}},
 booktitle = {SIGMOD},
 year = {1985},
} 

@misc{SkyServer,
 author = "",
 note = "Sloan Digital Sky Survey (SkyServer). http://cas.sdss.org/."
} 

@misc{tpch,
 author = "",
 note = "TPC Benchmark H. http://www.tpc.org/tpch/."
} 

@inproceedings{CrackRepeat,
  author    = {Felix Martin Schuhknecht and
               Alekh Jindal and
               Jens Dittrich},
  title     = {{The Uncracked Pieces in Database Cracking}},
  booktitle  = {PVLDB},
  year      = {2013},
}

@article{Hail,
  author     = {Stefan Richter and Jorge-Arnulfo Quiané-Ruiz and Stefan Schuh and Jens Dittrich},
  title    = {{Towards Zero-Overhead Static and Adaptive Indexing in Hadoop}},
  journal = {VLDB Journal},
  year      = {2013}
}

@article{Ozsu:1996:DPD:234313.234368,
 author = {M. Tamer \"{O}zsu and  Patrick Valduriez},
 title = {{Distributed and Parallel Database Systems}},
 journal = {ACM Computing Surveys},
 year = {1996},
} 

@article{DeWitt:1992:PDS:129888.129894,
 author = {David DeWitt and Jim Gray},
 title = {Parallel Database Dystems: The Future of High Performance Database Systems},
 journal = {Communications of the ACM},
 year = {1992},
} 

@inproceedings{DBLP:conf/cidr/HarizopoulosA03,
  author    = {Stavros Harizopoulos and Anastassia Ailamaki},
  title     = {{A Case for Staged Database Systems}},
  booktitle = {CIDR},
  year      = {2003},
}

@inproceedings{DBLP:conf/sigmod/HarizopoulosSA05,
  author    = {Stavros Harizopoulos and
               Vladislav Shkapenyuk and
               Anastassia Ailamaki},
  title     = {{QPipe: A Simultaneously Pipelined Relational Query Engine}},
  booktitle = {SIGMOD},
  year      = {2005},
}

@inproceedings{nodb,
  author    = {Ioannis Alagiannis and
               Renata Borovica and
               Miguel Branco and
               Stratos Idreos and
               Anastasia Ailamaki},
  title     = {{NoDB: Efficient Query Execution on Raw Data Files}},
  booktitle = {SIGMOD},
  year      = {2012},
}

@inproceedings{exploration,
  author    = {Martin L. Kersten and
               Stratos Idreos and
               Stefan Manegold and
               Erietta Liarou},
  title     = {{The Researcher's Guide to the Data Deluge: Querying a Scientific
               Database in Just a Few Seconds}},
  booktitle   = {PVLDB},
  year      = {2011},
}

@inproceedings{GuidedInteraction,
  author    = {Arnab Nandi and H. V.Jagadish},
  title     = {{Guided Interaction: Rethinking the Query-Result Paradigm}},
  booktitle   = {PVLDB},
  year      = {2011},
}


@inproceedings{UsableDatabases,
 author = {Jagadish, H. V. and Chapman, Adriane and Elkiss, Aaron and Jayapandian, Magesh and Li, Yunyao and Nandi, Arnab and Yu, Cong},
 title = {{Making Database Systems Usable}},
 booktitle = {SIGMOD},
 year = {2007},
 } 

@inproceedings{RequirementsSciDB,
author = {Michael Stonebraker and Jacek Becla and David J. DeWitt and Kian-Tat Lim and David Maier and Oliver Ratzesberger and Stanley B. Zdonik},
title     = {{Requirements for Science Data Bases and SciDB}},
booktitle = {CIDR},
year      = {2009}
}

@inproceedings{MAD,
 author = {Cohen, Jeffrey and Dolan, Brian and Dunlap, Mark and Hellerstein, Joseph M. and Welton, Caleb},
 title = {{MAD Skills: New Analysis Practices for Big Data}},
 booktitle = {PVLDB},
 year = {2009},
} 

@inproceedings{shark,
  author    = {Cliff Engle and
               Antonio Lupher and
               Reynold Xin and
               Matei Zaharia and
               Michael J. Franklin and
               Scott Shenker and
               Ion Stoica},
  title     = {{Shark: Fast Data Analysis Using Coarse-Grained Distributed
               Memory}},
  booktitle = {SIGMOD},
  year      = {2012},
}


@inproceedings{hyper,
  author    = {Alfons Kemper and
               Thomas Neumann},
  title     = {{HyPer: A Hybrid OLTP{\&}OLAP Main Memory Database System
               Based on Virtual Memory Snapshots}},
  booktitle = {ICDE},
  year      = {2011},
}

@inproceedings{swissbox,
  author    = {Gustavo Alonso and
               Donald Kossmann and
               Timothy Roscoe},
  title     = {{SWissBox: An Architecture for Data Processing Appliances}},
  booktitle = {CIDR},
  year      = {2011},
}

@inproceedings{shareddb,
  author    = {Georgios Giannikis and
               Gustavo Alonso and
               Donald Kossmann},
  title     = {{SharedDB: Killing One Thousand Queries With One Stone}},
  booktitle   = {PVLDB},
  year      = {2012},
}

@inproceedings{cod,
  author    = {Jana Giceva and
               Tudor-Ioan Salomie and
               Adrian Sch{\"u}pbach and
               Gustavo Alonso and
               Timothy Roscoe},
  title     = {{COD: Database / Operating System Co-Design}},
  booktitle = {CIDR},
  year      = {2013},
}

@inproceedings{hinge,
  author    = {Udayan Khurana and
               Amol Deshpande},
  title     = {{HiNGE: Enabling Temporal Network Analytics at Scale}},
  booktitle = {SIGMOD},
  year      = {2013},
}

@inproceedings{elastras,
  author    = {Sudipto Das and
               Divyakant Agrawal and
               Amr {El Abbadi}},
  title     = {{ElasTraS: An Elastic, Scalable, and Self-managing Transactional
               Database for the Cloud}},
  booktitle   = {ACM Trans. Database Syst.},
  year      = {2013},
}

@inproceedings{dbseer,
  author    = {Barzan Mozafari and
               Carlo Curino and
               Samuel Madden},
  title     = {{DBSeer: Resource and Performance Prediction for Building
               a Next Generation Database Cloud}},
  booktitle = {CIDR},
  year      = {2013}
}


@inproceedings{crowddb,
  author    = {Michael J. Franklin and
               Donald Kossmann and
               Tim Kraska and
               Sukriti Ramesh and
               Reynold Xin},
  title     = {{CrowdDB: Answering Queries with Crowdsourcing}},
  booktitle = {SIGMOD},
  year      = {2011},
}

@inproceedings{datacuration,
  author    = {Michael Stonebraker and
               Daniel Bruckner and
               Ihab F. Ilyas and
               George Beskales and
               Mitch Cherniack and
               Stanley B. Zdonik and
               Alexander Pagan and
               Shan Xu},
  title     = {{Data Curation at Scale: The Data Tamer System}},
  booktitle = {CIDR},
  year      = {2013},
}

@inproceedings{crowdq,
  author    = {Gianluca Demartini and
               Beth Trushkowsky and
               Tim Kraska and
               Michael J. Franklin},
  title     = {{CrowdQ: Crowdsourced Query Understanding}},
  booktitle = {CIDR},
  year      = {2013},
}

@inproceedings{bitweaving,
  author    = {Yinan Li and
               Jignesh M. Patel},
  title     = {{BitWeaving: Fast Scans for Main Memory Data Processing}},
  booktitle = {SIGMOD},
  year      = {2013},
}

@inproceedings{hstore,
  author    = {Robert Kallman and
               Hideaki Kimura and
               Jonathan Natkins and
               Andrew Pavlo and
               Alex Rasin and
               Stanley B. Zdonik and
               Evan P. C. Jones and
               Samuel Madden and
               Michael Stonebraker and
               Yang Zhang and
               John Hugg and
               Daniel J. Abadi},
  title     = {{H-store: A High-Performance, Distributed Main Memory Transaction
               Processing System}},
  booktitle   = {PVLDB},
  year      = {2008},
}


@inproceedings{energypartitioning,
  author    = {Lisa Wu and
               Raymond J. Barker and
               Martha A. Kim and
               Kenneth A. Ross},
  title     = {{Navigating Big Data with High-throughput, Energy-efficient
               Data Partitioning}},
  booktitle = {ISCA},
  year      = {2013},
}

@inproceedings{earl,
  author    = {Nikolay Laptev and
               Kai Zeng and
               Carlo Zaniolo},
  title     = {{Very Fast Estimation for Result and Accuracy of Big Data
               Analytics: The EARL System}},
  booktitle = {ICDE},
  year      = {2013},
}

@inproceedings{hadoop+,
  author    = {Jens Dittrich and
               Jorge-Arnulfo Quian{\'e}-Ruiz and
               Alekh Jindal and
               Yagiz Kargin and
               Vinay Setty and
               J{\"o}rg Schad},
  title     = {{Hadoop++: Making a Yellow Elephant Run Like a Cheetah (Without
               It Even Noticing)}},
  booktitle   = {PVLDB},
  year      = {2010},
}

@inproceedings{hazy,
  author    = {Arun Kumar and
               Feng Niu and
               Christopher R{\'e}},
  title     = {{Hazy: Making it Easier to Build and Maintain Big-Data Analytics}},
  booktitle   = {Commun. ACM},
  year      = {2013},
}

@inproceedings{BlinkDB,
  author    = {Sameer Agarwal and
               Barzan Mozafari and
               Aurojit Panda and
               Henry Milner and
               Samuel Madden and
               Ion Stoica},
  title     = {{BlinkDB: Queries with Bounded Errors and Bounded Response
               Times on Very Large Data}},
  booktitle = {EuroSys},
  year      = {2013},
}

@MANUAL{MonetDB,
  title  = {MonetDB},
  note   = {\url{http://monetdb.cwi.nl/}},
  key    = {ZZZ},
}

@inproceedings{mc1,
  author    = {Nikos Hardavellas and
               Michael Ferdman and
               Babak Falsafi and
               Anastasia Ailamaki},
  title     = {{Near-Optimal Cache Block Placement with Reactive Nonuniform
               Cache Architectures}},
  booktitle   = {IEEE Micro},
  year      = {2010},
}

@inproceedings{mc2,
  author    = {Ryan Johnson and
               Ippokratis Pandis and
               Nikos Hardavellas and
               Anastasia Ailamaki and
               Babak Falsafi},
  title     = {{Shore-MT: A Scalable Storage Manager for the Multicore Era}},
  booktitle = {EDBT},
  year      = {2009},
}

@inproceedings{parallel_sorting,
  author = {Ivan Zecena and Ziliang Zong and Rong Ge and Tongdan Jin and Zizhong Chen and Meikang Qiu},
  title = {{Energy Consumption Analysis of Parallel Sorting Algorithms Running on Multicore Systems}},
  booktitle ={2012 International Green Computing Conference (IGCC)},
  year = {2012},
}

@inproceedings{partial_indexes,
 author = {Michael Stonebraker},
 title = {{The Case for Partial Indexes}},
 booktitle = {SIGMOD},
 year = {1989},
}

@inproceedings{database_SIMD,
 author = {Zhou, Jingren and Ross, Kenneth A.},
 title = {{Implementing Database Operations Using SIMD Instructions}},
 booktitle = {SIGMOD},
 year = {2002},
} 

@inproceedings{sorting_SIMD,
  author    = {Jatin Chhugani and
               Anthony D. Nguyen and
               Victor W. Lee and
               William Macy and
               Mostafa Hagog and
               Yen-Kuang Chen and
               Akram Baransi and
               Sanjeev Kumar and
               Pradeep Dubey},
  title     = {{Efficient Implementation of Sorting on Multi-Core SIMD CPU
               Architecture}},
  booktitle   = {PVLDB},
  year      = {2008},
}

@inproceedings{hash_sort_SIMD,
  author    = {Changkyu Kim and
               Eric Sedlar and
               Jatin Chhugani and
               Tim Kaldewey and
               Anthony D. Nguyen and
               Andrea Di Blas and
               Victor W. Lee and
               Nadathur Satish and
               Pradeep Dubey},
  title     = {{Sort vs. Hash Revisited: Fast Join Implementation on Modern
               Multi-Core CPUs}},
  booktitle   = {PVLDB},
  year      = {2009},
}

@inproceedings{amdahl,
  author    = {Gene M. Amdahl},
  title     = {{Validity of the Single Processor Approach to Achieving Large
               Scale Computing Capabilities}},
  booktitle = {AFIPS},
  year      = {1967},
}

@book{knuth,
  author    = {Donald E. Knuth},
  title     = {{The Art of Computer Programming, Volume III: Sorting and
               Searching}},
  year      = {1973}
}

@inproceedings{bitonic,
  author    = {Kenneth E. Batcher},
  title     = {{Sorting Networks and Their Applications}},
  booktitle = {AFIPS},
  year      = {1968},
} 

@article{boncz2008breaking,
  title={Breaking the memory wall in MonetDB},
  author={Boncz, Peter A and Kersten, Martin L and Manegold, Stefan},
  journal={Communications of the ACM},
  volume={51},
  number={12},
  year={2008},
  publisher={ACM}
}
@inproceedings{database_CMP,
  author    = {Nikos Hardavellas and
               Ippokratis Pandis and
               Ryan Johnson and
               Naju Mancheril and
               Anastassia Ailamaki and
               Babak Falsafi},
  title     = {{Database Servers on Chip Multiprocessors: Limitations and
               Opportunities}},
  booktitle = {CIDR},
  year      = {2007},
}
@inproceedings{aggr_tlp,
  author    = {John Cieslewicz and
               Kenneth A. Ross},
  title     = {{Adaptive Aggregation on Chip Multiprocessors}},
  booktitle = {VLDB},
  year      = {2007},
}

@inproceedings{hash_join_rev,
  author    = {Cagri Balkesen and
               Gustavo Alonso and
               Jens Teubner and
               M. Tamer {\"O}zsu},
  title     = {{Multi-Core, Main-Memory Joins: Sort vs. Hash Revisited}},
  booktitle   = {PVLDB},
  year      = {2013}
}
@book{DBLP:books/daglib/0028244,
  author    = {John L. Hennessy and
               David A. Patterson},
  title     = {{Computer Architecture - A Quantitative Approach (5. ed.)}},
  publisher = {Morgan Kaufmann},
  year      = {2012}
}

@book{intelOptimizationManual,
	title = {Intel 64 and IA-32 Architectures Optimization Reference Manual},
	chapter = {Appendix B: Using Performance Monitoring Events},
	publisher = {Intel Corporation},
	year = 	{June, 2013},
	series = {Appendix B: Using Performance Monitoring Events},
}



@inproceedings {ross2004selection,
  title={{Selection Conditions in Main Memory}},
  author={Ross, Kenneth A},
  booktitle={ACM Transactions on Database Systems (TODS)},
  year      = {2004}
}

@inproceedings{wheretime,
  author    = {Anastassia Ailamaki and
               David J. DeWitt and
               Mark D. Hill and
               David A. Wood},
  title     = {{DBMSs on a Modern Processor: Where Does Time Go?}},
  booktitle = {VLDB},
  year      = {1999}
}

@article{quicksort,
 author = {Hoare, C. A. R.},
 title = {Algorithm 64: Quicksort},
 journal = {Commun. ACM},
 volume = {4},
 number = {7},
 year = {1961},
 publisher = {ACM}
} 

@inproceedings{DBLP:conf/icde/LuhringSSS07,
  author    = {Martin L{\"u}hring and
               Kai-Uwe Sattler and
               Karsten Schmidt and
               Eike Schallehn},
  title     = {{Autonomous Management of Soft Indexes}},
  booktitle = {SMDB},
  year      = {2007},
  ee        = {http://dx.doi.org/10.1109/ICDEW.2007.4401028},
  crossref  = {DBLP:conf/icde/2007w},
  bibsource = {DBLP, http://dblp.uni-trier.de}
}

@inproceedings{DBLP:conf/sigmod/SchnaitterAMP06,
  author    = {Karl Schnaitter and
               Serge Abiteboul and
               Tova Milo and
               Neoklis Polyzotis},
  title     = {{COLT: Continuous On-Line Tuning}},
  booktitle = {SIGMOD},
  year      = {2006},
  ee        = {http://doi.acm.org/10.1145/1142473.1142592},
  crossref  = {DBLP:conf/sigmod/2006},
  bibsource = {DBLP, http://dblp.uni-trier.de}
}

@inproceedings{DBLP:conf/icde/BrunoC07,
  author    = {Nicolas Bruno and
               Surajit Chaudhuri},
  title     = {{An Online Approach to Physical Design Tuning}},
  booktitle = {ICDE},
  year      = {2007},
  ee        = {http://doi.ieeecomputersociety.org/10.1109/ICDE.2007.367928},
  crossref  = {DBLP:conf/icde/2007},
  bibsource = {DBLP, http://dblp.uni-trier.de}
}

@inproceedings{DBLP:conf/vldb/ZilioRLLSGF04,
  author    = {Daniel C. Zilio and
               Jun Rao and
               Sam Lightstone and
               Guy M. Lohman and
               Adam J. Storm and
               Christian Garcia-Arellano and
               Scott Fadden},
  title     = {{DB2 Design Advisor: Integrated Automatic Physical Database
               Design}},
  booktitle = {VLDB},
  year      = {2004},
  ee        = {http://www.vldb.org/conf/2004/IND4P1.PDF},
  crossref  = {DBLP:conf/vldb/2004},
  bibsource = {DBLP, http://dblp.uni-trier.de}
}

@inproceedings{DBLP:conf/vldb/AgrawalCKMNS04,
  author    = {Sanjay Agrawal and
               Surajit Chaudhuri and
               Lubor Koll{\'a}r and
               Arunprasad P. Marathe and
               Vivek R. Narasayya and
               Manoj Syamala},
  title     = {{Database Tuning Advisor for Microsoft SQL Server 2005}},
  booktitle = {VLDB},
  year      = {2004},
  crossref  = {DBLP:conf/vldb/2004},
  bibsource = {DBLP, http://dblp.uni-trier.de}
}

@inproceedings{DBLP:conf/vldb/DagevilleDDYZZ04,
  author    = {Beno\^{\i}t Dageville and
               Dinesh Das and
               Karl Dias and
               Khaled Yagoub and
               Mohamed Za\"{\i}t and
               Mohamed Ziauddin},
  title     = {{Automatic SQL Tuning in Oracle 10g}},
  booktitle = {VLDB},
  year      = {2004},
  ee        = {http://www.vldb.org/conf/2004/IND4P2.PDF},
  crossref  = {DBLP:conf/vldb/2004},
  bibsource = {DBLP, http://dblp.uni-trier.de}
}

@inproceedings{DBLP:conf/cidr/BonczZN05,
  author    = {Peter A. Boncz and
               Marcin Zukowski and
               Niels Nes},
  title     = {{MonetDB/X100: Hyper-Pipelining Query Execution}},
  booktitle = {CIDR},
  year      = {2005},
}

@book{DBLP:books/daglib/0068852,
  author    = {Mike Johnson},
  title     = {{Superscalar Microprocessor Design}},
  publisher = {Prentice Hall},
  year      = {1991},
}
